<record><leader>00000cas a2200000 a 4500</leader><controlfield tag="001">32845448</controlfield><controlfield tag="007">hd afu---baca</controlfield><controlfield tag="008">950720d19321946nbudn nea     0    0eng c</controlfield><datafield ind1=" " ind2=" " tag="010"><subfield code="a">sn 95070162 </subfield></datafield><datafield ind1=" " ind2=" " tag="040"><subfield code="a">NVG</subfield><subfield code="b">eng</subfield><subfield code="c">NVG</subfield><subfield code="d">DLC</subfield><subfield code="d">OCLCQ</subfield><subfield code="d">OCLCF</subfield><subfield code="d">OCLCO</subfield></datafield><datafield ind1=" " ind2=" " tag="042"><subfield code="a">pcc</subfield></datafield><datafield ind1=" " ind2=" " tag="043"><subfield code="a">n-us-nb</subfield></datafield><datafield ind1="0" ind2=" " tag="130"><subfield code="a">Daily bulletin (North Platte, Neb.)</subfield></datafield><datafield ind1="1" ind2="4" tag="245"><subfield code="a">The daily bulletin</subfield><subfield code="h">[microform].</subfield></datafield><datafield ind1="1" ind2="3" tag="246"><subfield code="a">Daily North Platte bulletin</subfield></datafield><datafield ind1="1" ind2="3" tag="246"><subfield code="a">North platte daily bulletin</subfield></datafield><datafield ind1=" " ind2=" " tag="260"><subfield code="a">North Platte, Neb. :</subfield><subfield code="b">[City Printery],</subfield><subfield code="c">1932-1946.</subfield></datafield><datafield ind1=" " ind2=" " tag="300"><subfield code="a">15 v.</subfield></datafield><datafield ind1=" " ind2=" " tag="310"><subfield code="a">Daily (except Sun. &amp; Mon.)</subfield></datafield><datafield ind1="0" ind2=" " tag="362"><subfield code="a">Vol. 1, no. 1 (Apr. 13, 1932)-v. 15, no. 134 (Oct. 31, 1946).</subfield></datafield><datafield ind1=" " ind2=" " tag="580"><subfield code="a">Merged with: North Platte telegraph (North Platte, Neb. : 1938), to form: North Platte daily telegraph-bulletin.</subfield></datafield><datafield ind1=" " ind2=" " tag="533"><subfield code="a">Microfilm.</subfield><subfield code="b">Cleveland, Ohio :</subfield><subfield code="c">Micro Photo.</subfield><subfield code="e">6 microfilm reels ; 35 mm.</subfield></datafield><datafield ind1=" " ind2="0" tag="651"><subfield code="a">North Platte (Neb.)</subfield><subfield code="v">Newspapers.</subfield></datafield><datafield ind1=" " ind2="7" tag="655"><subfield code="a">Newspapers.</subfield><subfield code="2">fast</subfield><subfield code="0">(OCoLC)fst01423814</subfield></datafield><datafield ind1=" " ind2="7" tag="651"><subfield code="a">Nebraska</subfield><subfield code="z">North Platte.</subfield><subfield code="2">fast</subfield><subfield code="0">(OCoLC)fst01217684</subfield></datafield><datafield ind1=" " ind2=" " tag="752"><subfield code="a">United States</subfield><subfield code="b">Nebraska</subfield><subfield code="c">Lincoln</subfield><subfield code="d">North Platte.</subfield></datafield><datafield ind1="1" ind2="7" tag="785"><subfield code="t">North Platte telegraph (North Platte, Neb. : 1938)</subfield><subfield code="w">(DLC)sn 95070157</subfield></datafield><datafield ind1="1" ind2="7" tag="785"><subfield code="t">North Platte daily telegraph-bulletin</subfield></datafield></record>